<?xml version="1.0" encoding="UTF-8"?><collection xmlns="http://www.loc.gov/MARC21/slim"><record><leader>00382nam--2200145-i-4500</leader><controlfield tag="001">000026080</controlfield><controlfield tag="002">20161230</controlfield><controlfield tag="005">20161230201036</controlfield><controlfield tag="008">060222s1000------------r-----000-0-eng-d</controlfield><datafield ind1=" " ind2=" " tag="080"><subfield code="a">519.2:517</subfield></datafield><datafield ind1="1" ind2="0" tag="100"><subfield code="a">Iacob, Caius /S.A.</subfield></datafield><datafield ind1="1" ind2=" " tag="245"><subfield code="a">MATEMATICI CLASICE SI MODERNE. Vol. III</subfield></datafield><datafield ind1=" " ind2=" " tag="260"><subfield code="a">Bucuresti, Ed. Tehnica, 1978. 591p</subfield></datafield><datafield ind1=" " ind2=" " tag="852"><subfield code="a">45231</subfield><subfield code="c">517</subfield></datafield><datafield ind1=" " ind2=" " tag="CAT"><subfield code="a">Sys</subfield><subfield code="c">20080707</subfield><subfield code="h">080917</subfield></datafield></record></collection>